@misc{ wiki:sorting_algorithm,
    author = "Wikipedia",
    title = "Sorting Algorithm --- {W}ikipedia{,} The Free Encyclopedia",
    year = "2012",
    url = "http://en.wikipedia.org/w/index.php?title=Plagiarism&oldid=5139350",
    note = "[Online; accessed 4-December-2012]"
}
